<?xml version="1.0" encoding="UTF-8"?>
<collection xmlns:xsi="http://www.w3.org/2001/XMLSchema-instance" xsi:schemaLocation="http://www.loc.gov/MARC21/slim http://www.loc.gov/standards/marcxml/schema/MARC21slim.xsd" xmlns="http://www.loc.gov/MARC21/slim">
<record>
  <leader>00698cam a22001931i 4500</leader>
  <controlfield tag="001">2984017</controlfield>
  <controlfield tag="003">NNC</controlfield>
  <controlfield tag="005">20150817132409.0</controlfield>
  <controlfield tag="008">010226s1926    sy            000 0 ara d</controlfield>
  <datafield tag="035" ind1=" " ind2=" ">
    <subfield code="a">(OCoLC)ocm46322372</subfield>
  </datafield>
  <datafield tag="035" ind1=" " ind2=" ">
    <subfield code="9">ASN1204CU</subfield>
  </datafield>
  <datafield tag="035" ind1=" " ind2=" ">
    <subfield code="a">(NNC)2984017</subfield>
  </datafield>
  <datafield tag="040" ind1=" " ind2=" ">
    <subfield code="a">ZCU</subfield>
    <subfield code="c">ZCU</subfield>
  </datafield>
  <datafield tag="090" ind1=" " ind2=" ">
    <subfield code="a">PJ6696</subfield>
    <subfield code="b">.A29</subfield>
  </datafield>
  <datafield tag="100" ind1="0" ind2=" ">
    <subfield code="a">Abū Ḥayyān Muḥammad ibn Yūsuf,</subfield>
    <subfield code="d">1256-1344.</subfield>
  </datafield>
  <datafield tag="245" ind1="1" ind2="0">
    <subfield code="a">Tuḥfat al-arīb bi-mā fī al-Qurʾān min al-gharīb /</subfield>
    <subfield code="c">taʾlīf Abī Hayyāh al-Andalusī ; mudhayyal bi-awjuh al-qirāʾāt wa-istidrāk mā aghfalahū al-muṣannif.</subfield>
  </datafield>
  <datafield tag="260" ind1=" " ind2=" ">
    <subfield code="a">Ḥamāh :</subfield>
    <subfield code="b">Maṭbaʻat al-Ikhlāṣ,</subfield>
    <subfield code="c">1345 h., 1926 m.</subfield>
  </datafield>
  <datafield tag="300" ind1=" " ind2=" ">
    <subfield code="a">142, 4 p. ;</subfield>
    <subfield code="c">19 cm.</subfield>
  </datafield>
  <datafield tag="955" ind1=" " ind2=" ">
    <subfield code="b">0036760552</subfield>
    <subfield code="d">glx</subfield>
    <subfield code="e">PJ6696 .A29</subfield>
  </datafield>
</record>
</collection>